<record><leader>00000cas a2200000 a 4500</leader><controlfield tag="001">38078527</controlfield><controlfield tag="008">971212d19671983nyuwn ne      0    0eng c</controlfield><datafield ind1=" " ind2=" " tag="010"><subfield code="a">sn 98067502 </subfield></datafield><datafield ind1=" " ind2=" " tag="040"><subfield code="a">NYS</subfield><subfield code="b">eng</subfield><subfield code="c">NYS</subfield><subfield code="d">OCLCQ</subfield><subfield code="d">OCLCF</subfield><subfield code="d">OCLCO</subfield></datafield><datafield ind1="1" ind2=" " tag="029"><subfield code="a">AU@</subfield><subfield code="b">000013709398</subfield></datafield><datafield ind1=" " ind2=" " tag="042"><subfield code="a">pcc</subfield></datafield><datafield ind1=" " ind2=" " tag="043"><subfield code="a">n-us-ny</subfield></datafield><datafield ind1="0" ind2="0" tag="245"><subfield code="a">Southampton summer day.</subfield></datafield><datafield ind1="1" ind2="3" tag="246"><subfield code="a">Dan's papers</subfield></datafield><datafield ind1=" " ind2=" " tag="260"><subfield code="a">Southampton, N.Y. :</subfield><subfield code="b">Dan Rattiner,</subfield><subfield code="c">1967-1983.</subfield></datafield><datafield ind1=" " ind2=" " tag="300"><subfield code="a">v. :</subfield><subfield code="b">ill.</subfield></datafield><datafield ind1=" " ind2=" " tag="310"><subfield code="a">Weekly (during summer months),</subfield><subfield code="b">1970-1983</subfield></datafield><datafield ind1=" " ind2=" " tag="321"><subfield code="a">Biweekly (during summer months),</subfield><subfield code="b">1967-1969</subfield></datafield><datafield ind1="0" ind2=" " tag="362"><subfield code="a">Vol. 1, no. 1 (June 13, 1967)-v. 17, no. 26 (Sept. 30, 1983).</subfield></datafield><datafield ind1=" " ind2=" " tag="580"><subfield code="a">Winter ed.: Hampton exchange, &lt;1972&gt;-1983.</subfield></datafield><datafield ind1=" " ind2="0" tag="651"><subfield code="a">Southampton (N.Y.)</subfield><subfield code="v">Newspapers.</subfield></datafield><datafield ind1=" " ind2="0" tag="651"><subfield code="a">Suffolk County (N.Y.)</subfield><subfield code="v">Newspapers.</subfield></datafield><datafield ind1=" " ind2="7" tag="655"><subfield code="a">Newspapers.</subfield><subfield code="2">fast</subfield><subfield code="0">(OCoLC)fst01423814</subfield></datafield><datafield ind1=" " ind2="7" tag="651"><subfield code="a">New York (State)</subfield><subfield code="z">Southampton.</subfield><subfield code="2">fast</subfield><subfield code="0">(OCoLC)fst01226811</subfield></datafield><datafield ind1=" " ind2="7" tag="651"><subfield code="a">New York (State)</subfield><subfield code="z">Suffolk County.</subfield><subfield code="2">fast</subfield><subfield code="0">(OCoLC)fst01207260</subfield></datafield><datafield ind1=" " ind2=" " tag="752"><subfield code="a">United States</subfield><subfield code="b">New York</subfield><subfield code="c">Suffolk</subfield><subfield code="d">Southampton.</subfield></datafield><datafield ind1="1" ind2=" " tag="775"><subfield code="t">Hampton exchange</subfield><subfield code="g">&lt;1972&gt;-1983</subfield><subfield code="w">(DLC)sn 96083592</subfield><subfield code="w">(OCoLC)34617186</subfield></datafield><datafield ind1="0" ind2="1" tag="785"><subfield code="t">Dan's papers</subfield><subfield code="w">(DLC)sn 95071413</subfield><subfield code="w">(OCoLC)32828070</subfield></datafield></record>